@incollection{yermack2015bitcoin,
  title={Is Bitcoin a real currency? An economic appraisal},
  author={Yermack, David},
  booktitle={Handbook of digital currency},
  pages={31--43},
  year={2015},
  publisher={Elsevier}
}

@book{hurwicz2006designing,
  title={Designing economic mechanisms},
  author={Hurwicz, Leonid and Reiter, Stanley},
  year={2006},
  publisher={Cambridge University Press}
}

@book{nisan2007algorithmic,
  title={Algorithmic game theory},
  author={Nisan, Noam and Roughgarden, Tim and Tardos, Eva and Vazirani, Vijay V},
  year={2007},
  publisher={Cambridge university press}
}

@article{cong2021tokenomics,
  title={Tokenomics: Dynamic adoption and valuation},
  author={Cong, Lin William and Li, Ye and Wang, Neng},
  journal={The Review of Financial Studies},
  volume={34},
  number={3},
  pages={1105--1155},
  year={2021},
  publisher={Oxford University Press}
}

@article{cong2022token,
  title={Token-based platform finance},
  author={Cong, Lin William and Li, Ye and Wang, Neng},
  journal={Journal of Financial Economics},
  volume={144},
  number={3},
  pages={972--991},
  year={2022},
  publisher={Elsevier}
}

@article{schilling2019some,
  title={Some simple bitcoin economics},
  author={Schilling, Linda and Uhlig, Harald},
  journal={Journal of Monetary Economics},
  volume={106},
  pages={16--26},
  year={2019},
  publisher={Elsevier}
}

@inproceedings{schilling2019currency,
  title={Currency substitution under transaction costs},
  author={Schilling, Linda and Uhlig, Harald},
  booktitle={AEA Papers and Proceedings},
  volume={109},
  pages={83--87},
  year={2019}
}

@techreport{gans2022mechanism,
  title={Mechanism Design Approaches to Blockchain Consensus},
  author={Gans, Joshua S and Holden, Richard T},
  year={2022},
  institution={National Bureau of Economic Research}
}

@techreport{budish2018economic,
  title={The economic limits of bitcoin and the blockchain},
  author={Budish, Eric},
  year={2018},
  institution={National Bureau of Economic Research}
}

@techreport{gans2019more,
  title={More (or less) economic limits of the blockchain},
  author={Gans, Joshua S and Gandal, Neil},
  year={2019},
  institution={National Bureau of Economic Research}
}

@techreport{athey2016bitcoin,
  title={Bitcoin pricing, adoption, and usage: Theory and evidence},
  author={Athey, Susan and Parashkevov, Ivo and Sarukkai, Vishnu and Xia, Jing},
  year={2016},
  publisher={Stanford University Graduate School of Business Research Paper}
}

@article{catalini2020some,
  title={Some simple economics of the blockchain},
  author={Catalini, Christian and Gans, Joshua S},
  journal={Communications of the ACM},
  volume={63},
  number={7},
  pages={80--90},
  year={2020},
  publisher={ACM New York, NY, USA}
}

@article{bolt2020value,
  title={On the value of virtual currencies},
  author={Bolt, Wilko and Van Oordt, Maarten RC},
  journal={Journal of Money, Credit and Banking},
  volume={52},
  number={4},
  pages={835--862},
  year={2020},
  publisher={Wiley Online Library}
}

@article{biais2023equilibrium,
  title={Equilibrium bitcoin pricing},
  author={Biais, Bruno and Bisiere, Christophe and Bouvard, Matthieu and Casamatta, Catherine and Menkveld, Albert J},
  journal={The Journal of Finance},
  volume={78},
  number={2},
  pages={967--1014},
  year={2023},
  publisher={Wiley Online Library}
}

@article{catalini2020markets,
  title={Markets for crypto tokens, and security under proof of stake},
  author={Catalini, Christian and Jagadeesan, Ravi and Kominers, Scott Duke},
  journal={Available at SSRN 3740654},
  year={2020}
}

@article{voshmgir2019foundations,
  title={Foundations of cryptoeconomic systems},
  author={Voshmgir, Shermin and Zargham, Michael and others},
  journal={Research Institute for Cryptoeconomics, Vienna, Working Paper Series/Institute for Cryptoeconomics/Interdisciplinary Research},
  volume={1},
  year={2019}
}

@article{zhang2020modeling,
  title={On modeling blockchain-enabled economic networks as stochastic dynamical systems},
  author={Zhang, Zixuan and Zargham, Michael and Preciado, Victor M},
  journal={Applied Network Science},
  volume={5},
  number={1},
  pages={1--24},
  year={2020},
  publisher={SpringerOpen}
}

@book{saleh2019volatility,
  title={Volatility and welfare in a crypto economy},
  author={Saleh, Fahad},
  volume={3235467},
  year={2019},
  publisher={SSRN}
}

@article{saleh2021blockchain,
  title={Blockchain without waste: Proof-of-stake},
  author={Saleh, Fahad},
  journal={The Review of financial studies},
  volume={34},
  number={3},
  pages={1156--1190},
  year={2021},
  publisher={Oxford University Press}
}

@article{biais2019blockchain,
  title={The blockchain folk theorem},
  author={Biais, Bruno and Bisiere, Christophe and Bouvard, Matthieu and Casamatta, Catherine},
  journal={The Review of Financial Studies},
  volume={32},
  number={5},
  pages={1662--1715},
  year={2019},
  publisher={Oxford University Press}
}

@article{tirole1985asset,
  title={Asset bubbles and overlapping generations},
  author={Tirole, Jean},
  journal={Econometrica: Journal of the Econometric Society},
  pages={1499--1528},
  year={1985},
  publisher={JSTOR}
}

@article{d2022can,
  title={Can Stablecoins be Stable?},
  author={d'Avernas, Adrien and Maurin, Vincent and Vandeweyer, Quentin},
  journal={University of Chicago, Becker Friedman Institute for Economics Working Paper},
  number={2022-131},
  year={2022}
}

@article{hinzen2022bitcoin,
  title={Bitcoinâ€™s limited adoption problem},
  author={Hinzen, Franz J and John, Kose and Saleh, Fahad},
  journal={Journal of Financial Economics},
  volume={144},
  number={2},
  pages={347--369},
  year={2022},
  publisher={Elsevier}
}

@article{garratt2018bitcoin,
  title={Bitcoin 1, bitcoin 2,....: An experiment in privately issued outside monies},
  author={Garratt, Rodney and Wallace, Neil},
  journal={Economic Inquiry},
  volume={56},
  number={3},
  pages={1887--1897},
  year={2018},
  publisher={Wiley Online Library}
}

@article{chiu2017economics,
  title={The economics of cryptocurrencies--bitcoin and beyond},
  author={Chiu, Jonathan and Koeppl, Thorsten V},
  journal={Available at SSRN 3048124},
  year={2017}
}

@article{fernandez2021central,
  title={Central bank digital currency: Central banking for all?},
  author={Fern{\'a}ndez-Villaverde, Jes{\'u}s and Sanches, Daniel and Schilling, Linda and Uhlig, Harald},
  journal={Review of Economic Dynamics},
  volume={41},
  pages={225--242},
  year={2021},
  publisher={Elsevier}
}

@article{huberman2021monopoly,
  title={Monopoly without a monopolist: An economic analysis of the bitcoin payment system},
  author={Huberman, Gur and Leshno, Jacob D and Moallemi, Ciamac},
  journal={The Review of Economic Studies},
  volume={88},
  number={6},
  pages={3011--3040},
  year={2021},
  publisher={Oxford University Press}
}

@techreport{zhu2019framework,
  title={A Framework for Analyzing Monetary Policy in an Economy with E-money},
  author={Zhu, Yu and Hendry, Scott},
  year={2019},
  institution={Bank of Canada Staff Working Paper}
}

@article{sockin2023model,
  title={A model of cryptocurrencies},
  author={Sockin, Michael and Xiong, Wei},
  journal={Management Science},
  year={2023},
  publisher={INFORMS}
}

@article{sockin2023decentralization,
  title={Decentralization through tokenization},
  author={Sockin, Michael and Xiong, Wei},
  journal={The Journal of Finance},
  volume={78},
  number={1},
  pages={247--299},
  year={2023},
  publisher={Wiley Online Library}
}

@misc{ethereum-pos-rewards,
  title = {Proof-of-Stake Rewards and Penalties},
  url = {https://ethereum.org/en/developers/docs/consensus-mechanisms/pos/rewards-and-penalties/},
  author = {{Ethereum Foundation}},
  year = {2023},
  note = {Accessed Version: April 7, 2023}
}

@misc{ethereum-gas-base-fee,
  title = {Gas and Fees - Base Fee},
  url = {https://ethereum.org/en/developers/docs/gas/#base-fee},
  author = {{Ethereum Foundation}},
  year = {2023},
  note = {Accessed Version: April 24, 2023}
}

@article{nakamoto2008bitcoin,
  title={Bitcoin: A peer-to-peer electronic cash system},
  author={Nakamoto, Satoshi},
  journal={Decentralized business review},
  pages={21260},
  year={2008}
}

@article{liu2021risks,
  title={Risks and returns of cryptocurrency},
  author={Liu, Yukun and Tsyvinski, Aleh},
  journal={The Review of Financial Studies},
  volume={34},
  number={6},
  pages={2689--2727},
  year={2021},
  publisher={Oxford University Press}
}

@article{pagnotta2022decentralizing,
  title={Decentralizing money: Bitcoin prices and blockchain security},
  author={Pagnotta, Emiliano S},
  journal={The Review of Financial Studies},
  volume={35},
  number={2},
  pages={866--907},
  year={2022},
  publisher={Oxford University Press}
}

@article{makarov2020trading,
  title={Trading and arbitrage in cryptocurrency markets},
  author={Makarov, Igor and Schoar, Antoinette},
  journal={Journal of Financial Economics},
  volume={135},
  number={2},
  pages={293--319},
  year={2020},
  publisher={Elsevier}
}

@article{griffin2020bitcoin,
  title={Is Bitcoin really untethered?},
  author={Griffin, John M and Shams, Amin},
  journal={The Journal of Finance},
  volume={75},
  number={4},
  pages={1913--1964},
  year={2020},
  publisher={Wiley Online Library}
}

@article{iyengar2022economics,
  title={Economics of permissioned blockchain adoption},
  author={Iyengar, Garud and Saleh, Fahad and Sethuraman, Jay and Wang, Wenjun},
  journal={Management Science},
  year={2022},
  publisher={INFORMS}
}

@article{roughgarden2021transaction,
  title={Transaction fee mechanism design},
  author={Roughgarden, Tim},
  journal={ACM SIGecom Exchanges},
  volume={19},
  number={1},
  pages={52--55},
  year={2021},
  publisher={ACM New York, NY, USA}
}

@article{roughgarden2020transaction,
  title={Transaction fee mechanism design for the Ethereum blockchain: An economic analysis of EIP-1559},
  author={Roughgarden, Tim},
  journal={arXiv preprint arXiv:2012.00854},
  year={2020}
}

@inproceedings{chung2023foundations,
  title={Foundations of transaction fee mechanism design},
  author={Chung, Hao and Shi, Elaine},
  booktitle={Proceedings of the 2023 Annual ACM-SIAM Symposium on Discrete Algorithms (SODA)},
  pages={3856--3899},
  year={2023},
  organization={SIAM}
}

@article{cong2022staking,
  title={Staking, token pricing, and crypto carry},
  author={Cong, Lin William and He, Zhiheng and Tang, Ke},
  journal={Available at SSRN 4059460},
  year={2022}
}

@article{jermann2023macro,
  title={A macro finance model for proof-of-stake ethereum},
  author={Jermann, Urban J},
  journal={Available at SSRN 4335835},
  year={2023}
}